@article{Farhi2000ASatisfiability,
    title = {{A Numerical Study of the Performance of a Quantum Adiabatic Evolution Algorithm for Satisfiability}},
    year = {2000},
    author = {Farhi, Edward and Goldstone, Jeffrey and Gutmann, Sam}
}

@article{Farhi2001AProblem,
    title = {{A Quantum Adiabatic Evolution Algorithm Applied to Random Instances of an NP-Complete Problem}},
    year = {2001},
    author = {Farhi, Edward and Goldstone, Jeffrey and Gutmann, Sam and Lapan, Joshua and Lundgren, Andrew and Preda, Daniel}
}

@article{Farhi2014AAlgorithm,
    title = {{A Quantum Approximate Optimization Algorithm}},
    year = {2014},
    author = {Farhi, Edward and Goldstone, Jeffrey and Gutmann, Sam},
    month = {11},
    url = {http://arxiv.org/abs/1411.4028},
    arxivId = {1411.4028}
}

@article{Weimer2010ASimulator,
    title = {{A Rydberg quantum simulator}},
    year = {2010},
    journal = {Nature Physics 2010 6:5},
    author = {Weimer, Hendrik and M{\"{u}}ller, Markus and Lesanovsky, Igor and Zoller, Peter and B{\"{u}}chler, Hans Peter},
    number = {5},
    month = {3},
    pages = {382--388},
    volume = {6},
    publisher = {Nature Publishing Group},
    url = {https://www.nature.com/articles/nphys1614},
    doi = {10.1038/nphys1614},
    issn = {1745-2481},
    arxivId = {0907.1657},
    keywords = {Atomic, Classical and Continuum Physics, Complex Systems, Condensed Matter Physics, Mathematical and Computational Physics, Molecular, Optical and Plasma Physics, Physics, Theoretical, general}
}

@article{JiangAProblem,
    title = {{A Two-Stage MaxSAT Reasoning Approach for the Maximum Weight Clique Problem}},
    author = {Jiang, Hua and Li, Chu-Min and Liu, Yanli and Many{\`{a}}, Felip},
    url = {https://dl.acm.org/doi/10.5555/3504035.3504199},
    doi = {10.5555/3504035.3504199},
    keywords = {Heuristic Search and Optimization Track}
}

@article{Demirplak2003AdiabaticFields,
    title = {{Adiabatic population transfer with control fields}},
    year = {2003},
    journal = {Journal of Physical Chemistry A},
    author = {Demirplak, Mustafa and Rice, Stuart A.},
    number = {46},
    month = {11},
    pages = {9937--9945},
    volume = {107},
    url = {https://pubs.acs.org/sharingguidelines},
    doi = {10.1021/JP030708A},
    issn = {10895639}
}

@article{Albash2018AdiabaticComputation,
    title = {{Adiabatic quantum computation}},
    year = {2018},
    journal = {Reviews of Modern Physics},
    author = {Albash, Tameem and Lidar, Daniel A.},
    number = {1},
    month = {1},
    volume = {90},
    publisher = {American Physical Society},
    doi = {10.1103/RevModPhys.90.015002},
    issn = {15390756}
}

@techreport{GrahamAlgorithmsBoard,
    title = {{Algorithms and Combinatorics Volume 21 Editorial Board}},
    author = {Graham, Ronald and Korte, Bernhard and Lov{\'{a}}sz, László and Wigderson, Avi and Cook, William J and Ziegler, Günter M},
    url = {http://www.springer.com/series/13}
}

@article{Yan2022AnalyticalHamiltonian,
    title = {{Analytical solution for nonadiabatic quantum annealing to arbitrary Ising spin Hamiltonian}},
    year = {2022},
    journal = {Nature Communications 2022 13:1},
    author = {Yan, Bin and Sinitsyn, Nikolai A.},
    number = {1},
    month = {4},
    pages = {1--12},
    volume = {13},
    publisher = {Nature Publishing Group},
    url = {https://www.nature.com/articles/s41467-022-29887-0},
    doi = {10.1038/s41467-022-29887-0},
    issn = {2041-1723},
    pmid = {35468917},
    arxivId = {2110.12354},
    keywords = {Information theory and computation, Quantum physics, Theoretical physics}
}

@article{Schiffer2023CircumventingOptimization,
    title = {{Circumventing superexponential runtimes for hard instances of quantum adiabatic optimization}},
    year = {2023},
    author = {Schiffer, Benjamin F. and Wild, Dominik S. and Maskara, Nishad and Cain, Madelyn and Lukin, Mikhail D. and Samajdar, Rhine},
    month = {6},
    url = {http://arxiv.org/abs/2306.13131 http://dx.doi.org/10.1103/PhysRevResearch.6.013271},
    doi = {10.1103/PhysRevResearch.6.013271},
    arxivId = {2306.13131}
}

@article{Hikihara2011ConnectingDeformation,
    title = {{Connecting distant ends of one-dimensional critical systems by a sine-square deformation}},
    year = {2011},
    journal = {Physical Review B - Condensed Matter and Materials Physics},
    author = {Hikihara, Toshiya and Nishino, Tomotoshi},
    number = {6},
    month = {2},
    volume = {83},
    doi = {10.1103/PhysRevB.83.060414},
    issn = {10980121}
}

@article{Mertens2012ContinuumDimensions,
    title = {{Continuum percolation thresholds in two dimensions}},
    year = {2012},
    journal = {PHYSICAL REVIEW E},
    author = {Mertens, Stephan and Moore, Cristopher},
    pages = {61109},
    volume = {86},
    doi = {10.1103/PhysRevE.86.061109},
    keywords = {0270Rr, 0510Ln, number(s): 6460ah}
}

@article{deOliveira2024DemonstrationLight-shifts,
    title = {{Demonstration of weighted graph optimization on a Rydberg atom array using local light-shifts}},
    year = {2024},
    author = {de Oliveira, A. G. and Diamond-Hitchcock, E. and Walker, D. M. and Wells-Pestell, M. T. and Pelegr{\'{i}}, G. and Picken, C. J. and Malcolm, G. P. A. and Daley, A. J. and Bass, J. and Pritchard, J. D.},
    month = {4},
    url = {http://arxiv.org/abs/2404.02658},
    arxivId = {2404.02658}
}

@article{Segundo2023DiscreteProblems,
    title = {{Discrete Optimization CliSAT: A new exact algorithm for hard maximum clique problems}},
    year = {2023},
    journal = {European Journal of Operational Research},
    author = {Segundo, Pablo San and Furini, Fabio and {\'{A}}lvarez, David and Pardalos, Panos M},
    pages = {1008--1025},
    volume = {307},
    url = {https://doi.org/10.1016/j.ejor.2022.10.028},
    doi = {10.1016/j.ejor.2022.10.028},
    keywords = {Combinatorial optimization}
}

@article{Lucas2014IsingProblems,
    title = {{Ising formulations of many NP problems}},
    year = {2014},
    author = {Lucas, Andrew},
    arxivId = {1302.5843v3},
    keywords = {()}
}

@article{Browaeys2020Many-bodyAtoms,
    title = {{Many-body physics with individually controlled Rydberg atoms}},
    year = {2020},
    journal = {Nature Physics 2020 16:2},
    author = {Browaeys, Antoine and Lahaye, Thierry},
    number = {2},
    month = {1},
    pages = {132--142},
    volume = {16},
    publisher = {Nature Publishing Group},
    url = {https://www.nature.com/articles/s41567-019-0733-z},
    doi = {10.1038/s41567-019-0733-z},
    issn = {1745-2481},
    arxivId = {2002.07413},
    keywords = {Atomic and molecular physics, Physics}
}

@article{Lodewijks2019MappingProblems,
    title = {{Mapping NP-hard and NP-complete optimisation problems to Quadratic Unconstrained Binary Optimisation problems}},
    year = {2019},
    author = {Lodewijks, Bas},
    month = {11},
    url = {http://arxiv.org/abs/1911.08043},
    arxivId = {1911.08043}
}

@article{Bernien2017ProbingSimulator,
    title = {{Probing many-body dynamics on a 51-atom quantum simulator}},
    year = {2017},
    journal = {Nature},
    author = {Bernien, Hannes and Schwartz, Sylvain and Keesling, Alexander and Levine, Harry and Omran, Ahmed and Pichler, Hannes and Choi, Soonwon and Zibrov, Alexander S. and Endres, Manuel and Greiner, Markus and Vuletic, Vladan and Lukin, Mikhail D.},
    number = {7682},
    month = {11},
    pages = {579--584},
    volume = {551},
    publisher = {Nature Publishing Group},
    doi = {10.1038/nature24622},
    issn = {14764687},
    pmid = {29189778},
    arxivId = {1707.04344}
}

@article{CrossonProspectsAnnealing,
    title = {{Prospects for Quantum Enhancement with Diabatic Quantum Annealing}},
    author = {Crosson, E J and Lidar, D A},
    arxivId = {2008.09913v1}
}

@article{Farhi2002QuantumAnnealing,
    title = {{Quantum Adiabatic Evolution Algorithms versus Simulated Annealing}},
    year = {2002},
    author = {Farhi, Edward and Goldstone, Jeffrey and Gutmann, Sam}
}

@article{Das2008QuantumComputation,
    title = {{Quantum Annealing and Analog Quantum Computation}},
    year = {2008},
    author = {Das, Arnab and Chakrabarti, Bikas K},
    arxivId = {0801.2193v3},
    keywords = {0260Pn, 0270Ss, 0365Xp, 0367Lx, 6460Cn, 6470Pf, numbers: 0210Ox}
}

@article{Kadowaki1998QuantumModel,
    title = {{Quantum annealing in the transverse Ising model}},
    year = {1998},
    journal = {Phys. Rev. E.},
    author = {Kadowaki, Tadashi and Nishimori, Hidetoshi},
    number = {5},
    pages = {5355--5363},
    volume = {58},
    doi = {10.1103/physreve.58.5355},
    issn = {1063651X},
    arxivId = {cond-mat/9804280}
}

@article{Kadowaki1998Quantum1,
    title = {{Quantum Annealing in the Transverse Ising Model Typeset using REVT E X 1}},
    year = {1998},
    author = {Kadowaki, Tadashi and Nishimori, Hidetoshi}
}

@article{Brooke2001QuantumSystem,
    title = {{Quantum Annealing of a Disordered Spin System}},
    year = {2001},
    author = {Brooke, J and Bitko, D and Rosenbaum, T F and Aeppli, G}
}

@article{Titiloye2011QuantumProblem,
    title = {{Quantum annealing of the graph coloring problem}},
    year = {2011},
    journal = {Discrete Optimization},
    author = {Titiloye, Olawale and Crispin, Alan},
    number = {2},
    month = {5},
    pages = {376--384},
    volume = {8},
    doi = {10.1016/j.disopt.2010.12.001},
    issn = {15725286},
    keywords = {Combinatorial optimization, Graph coloring problem, Quantum annealing, Simulated annealing}
}

@article{Farhi2000QuantumEvolution,
    title = {{Quantum Computation by Adiabatic Evolution}},
    year = {2000},
    author = {Farhi, Edward and Goldstone, Jeffrey and Gutmann, Sam and Sipser, Michael}
}

@article{HenrietQUANTUMATOMS,
    title = {{QUANTUM COMPUTING WITH NEUTRAL ATOMS}},
    author = {Henriet, Loïc and Beguin, Lucas and Signoles, Adrien and Lahaye, Thierry and Browaeys, Antoine and Reymond, Georges-Olivier and Jurczak, Christophe},
    isbn = {2006.12326v2},
    doi = {10.22331/q-2020-09-21-327},
    arxivId = {2006.12326v2}
}

@article{Saffman2010QuantumAtoms,
    title = {{Quantum information with Rydberg atoms}},
    year = {2010},
    journal = {Reviews of Modern Physics},
    author = {Saffman, M. and Walker, T. G. and M{\o}lmer, K.},
    number = {3},
    month = {8},
    pages = {2313--2363},
    volume = {82},
    doi = {10.1103/RevModPhys.82.2313},
    issn = {00346861},
    arxivId = {0909.4777}
}

@article{Keesling2019QuantumSimulator,
    title = {{Quantum Kibble–Zurek mechanism and critical dynamics on a programmable Rydberg simulator}},
    year = {2019},
    journal = {Nature},
    author = {Keesling, Alexander and Omran, Ahmed and Levine, Harry and Bernien, Hannes and Pichler, Hannes and Choi, Soonwon and Samajdar, Rhine and Schwartz, Sylvain and Silvi, Pietro and Sachdev, Subir and Zoller, Peter and Endres, Manuel and Greiner, Markus and Vuleti{\'{c}}, Vladan and Lukin, Mikhail D.},
    number = {7751},
    month = {4},
    pages = {207--211},
    volume = {568},
    publisher = {Nature Publishing Group},
    url = {http://www.nature.com/articles/s41586-019-1070-1},
    doi = {10.1038/s41586-019-1070-1},
    issn = {0028-0836},
    pmid = {30936552},
    arxivId = {1809.05540}
}

@article{PichlerQuantumArrays,
    title = {{Quantum Optimization for Maximum Independent Set Using Rydberg Atom Arrays}},
    author = {Pichler, Hannes and Wang, Sheng-Tao and Zhou, Leo and Choi, Soonwon and Lukin, Mikhail D},
    arxivId = {1808.10816v1}
}

@article{Tabi2020QuantumEmbedding,
    title = {{Quantum Optimization for the Graph Coloring Problem with Space-Efficient Embedding}},
    year = {2020},
    author = {Tabi, Zsolt and El-Safty, Kareem H. and Kallus, Zsófia and H{\'{a}}ga, Péter and Kozsik, Tamás and Glos, Adam and Zimbor{\'{a}}s, Zoltán},
    month = {9},
    url = {http://arxiv.org/abs/2009.07314 http://dx.doi.org/10.1109/QCE49297.2020.00018},
    doi = {10.1109/QCE49297.2020.00018},
    arxivId = {2009.07314}
}

@article{EbadiQuantumArrays,
    title = {{Quantum Optimization of Maximum Independent Set using Rydberg Atom Arrays}},
    author = {Ebadi, S and Keesling, A and Cain, M and Wang, T T and Levine, H and Bluvstein, D and Semeghini, G and Omran, A and Liu, J.-G and Samajdar, R and Luo, X.-Z and Nash, B and Gao, X and Barak, B and Farhi, E and Sachdev, S and Gemelke, N and Zhou, L and Choi, S and Pichler, H and Wang, S.-T and Greiner, M and Vuleti´cvuleti´c, V and Lukin, M D},
    arxivId = {2202.09372v1}
}

@article{Nguyen2023QuantumArrays,
    title = {{Quantum Optimization with Arbitrary Connectivity Using Rydberg Atom Arrays}},
    year = {2023},
    journal = {PRX Quantum},
    author = {Nguyen, Minh Thi and Liu, Jin Guo and Wurtz, Jonathan and Lukin, Mikhail D. and Wang, Sheng Tao and Pichler, Hannes},
    number = {1},
    month = {1},
    pages = {010316},
    volume = {4},
    publisher = {American Physical Society},
    url = {https://journals.aps.org/prxquantum/abstract/10.1103/PRXQuantum.4.010316},
    doi = {10.1103/PRXQUANTUM.4.010316/FIGURES/12/MEDIUM},
    issn = {26913399},
    arxivId = {2209.03965},
    keywords = {doi:10.1103/PRXQuantum.4.010316 url:https://doi.org/10.1103/PRXQuantum.4.010316}
}

@article{ZeybekQuantumAtoms,
    title = {{Quantum Phases from Competing van der Waals and Dipole-Dipole Interactions of Rydberg Atoms}},
    author = {Zeybek, Zeki and Mukherjee, Rick and Schmelcher, Peter},
    arxivId = {2303.17470v1}
}

@article{Karp1972ReducibilityProblems,
    title = {{Reducibility among Combinatorial Problems}},
    year = {1972},
    journal = {Complexity of Computer Computations},
    author = {Karp, Richard M.},
    pages = {85--103},
    publisher = {Springer, Boston, MA},
    url = {https://link.springer.com/chapter/10.1007/978-1-4684-2001-2_9},
    isbn = {978-1-4684-2001-2},
    doi = {10.1007/978-1-4684-2001-2{\_}9}
}

@article{Kim2022RydbergProblems,
    title = {{Rydberg quantum wires for maximum independent set problems}},
    year = {2022},
    journal = {Nature Physics},
    author = {Kim, Minhyuk and Kim, Kangheun and Hwang, Jaeyong and Moon, Eun Gook and Ahn, Jaewook},
    number = {7},
    month = {7},
    pages = {755--759},
    volume = {18},
    publisher = {Nature Research},
    doi = {10.1038/s41567-022-01629-5},
    issn = {17452481}
}

@article{Zeng2016ScheduleOptimization,
    title = {{Schedule path optimization for adiabatic quantum computing and optimization}},
    year = {2016},
    journal = {Journal of Physics A: Mathematical and Theoretical},
    author = {Zeng, Lishan and Zhang, Jun and Sarovar, Mohan},
    number = {16},
    month = {3},
    volume = {49},
    publisher = {Institute of Physics Publishing},
    doi = {10.1088/1751-8113/49/16/165305},
    issn = {17518121},
    keywords = {adiabatic quantum computing, convex optimization, quantum annealing}
}

@article{DelCampoShortcutsDriving,
    title = {{Shortcuts to Adiabaticity by Counterdiabatic Driving}},
    author = {Del Campo, Adolfo},
    doi = {10.1103/PhysRevLett.111.100502},
    keywords = {0365Sq, 6785{\`{A}}d, numbers: 0367Ac}
}

@article{GoswamiSolvingAnnealers,
    title = {{Solving optimization problems with local light shift encoding on Rydberg quantum annealers}},
    author = {Goswami, Kapil and Mukherjee, Rick and Ott, Herwig and Schmelcher, Peter},
    arxivId = {2308.07798v2}
}

@article{Garey1976TheColoring,
    title = {{The Complexity of Near-Optimal Graph Coloring}},
    year = {1976},
    journal = {Journal of the ACM (JACM)},
    author = {Garey, M. R. and Johnson, D. S.},
    number = {1},
    month = {1},
    pages = {43--49},
    volume = {23},
    publisher = {ACMPUB27New York, NY, USA},
    url = {https://dl.acm.org/doi/10.1145/321921.321926},
    doi = {10.1145/321921.321926},
    issn = {1557735X}
}

@article{Luo2014UniversalQudits,
    title = {{Universal quantum computation with qudits}},
    year = {2014},
    journal = {Science China: Physics, Mechanics and Astronomy},
    author = {Luo, Mingxing and Wang, Xiaojun},
    number = {9},
    pages = {1712--1717},
    volume = {57},
    publisher = {Science in China Press},
    doi = {10.1007/s11433-014-5551-9},
    issn = {16747348},
    keywords = {linear ion, qudit circuit, universal qudit gate}
}